@MISC{lfsr,
    HOWPUBLISHED = {\url{https://en.wikipedia.org/wiki/Linear-feedback_shift_register}},
    AUTHOR = {Wikipedia},
    TITLE = {Linear-feedback shift register},
    YEAR = {2018},
    }